@inproceedings{LaemmelSV13,
  author    = {Ralf L{\"a}mmel and Thomas Schmorleiz and Andrei Varanovich},
  title     = "{The 101haskell Chrestomathy---A Whole Bunch of Learnable Lambdas}",
  booktitle = "{Postproceedings of IFL 2013}",
  year      = {2014},
  note      = "12 pages. To appear in ACM DL. Available online \url{http://softlang.uni-koblenz.de/101haskell/}"
}

@article{Laemmel13,
  author    = {Ralf L{\"a}mmel},
  title     = "{Software chrestomathies}",
  journal   = {Sci. Comput. Program.},
  year      = {2013},
  note      = "In press"
}

@inproceedings{FavreLSV12,
  author    = {Jean-Marie Favre and
               Ralf L{\"a}mmel and
               Thomas Schmorleiz and
               Andrei Varanovich},
  title     = "{101companies: A Community Project on Software Technologies
               and Software Languages}",
  pages     = {58-74},
  booktitle = "{Proc.\ of TOOLS 2012}",
  publisher = {Springer},
  series    = {LNCS},
  volume    = {7304},
  year      = {2012},
}

@misc{owl,
  title = "{OWL Web Ontology Language Reference}",
  year = "2004",
  author = "W3C",
  note = "W3C Recommendation 10 February 2004 \url{W3C Recommendation 10 February 2004}"
}

@inproceedings{HalpinHT11,
  author    = {Harry Halpin and
               Patrick J. Hayes and
               Henry S. Thompson},
  title     = "{When owl:sameAs isn't the Same Redux: A preliminary theory
               of identity and inference on the Semantic Web}",
  pages     = {25-30},
  booktitle = "{Workshop on Discovering Meaning On the Go in Large Heterogeneous
               Data 2011 (LHD-11), Barcelona, Spain, July 16, 2011}",
  year      = {2011},
}
